//Secure SMS 
//Implements the cryptographic algorithms onto the SIM card
//
@article{SecureSms,
 author = {Saxena, Neetesh and Chaudhari, Narendra S.},
 title = {SecureSMS: A Secure SMS Protocol for VAS and Other Applications},
 journal = {J. Syst. Softw.},
 issue_date = {April, 2014},
 volume = {90},
 month = apr,
 year = {2014},
 issn = {0164-1212},
 pages = {138--150},
 numpages = {13},
 url = {http://dx.doi.org/10.1016/j.jss.2013.12.031},
 doi = {10.1016/j.jss.2013.12.031},
 acmid = {2589297},
 publisher = {Elsevier Science Inc.},
 address = {New York, NY, USA},
 keywords = {Authentication, SMS, VAS},
}

//PK-SIM
//Developing a secure access gateway
//
@article{PkSim,
 author = {Rongyu, He and Guolei, Zhao and Chaowen, Chang and Hui, Xie and Xi, Qin and Zheng, Qin},
 title = {A PK-SIM Card Based End-to-end Security Framework for SMS},
 journal = {Comput. Stand. Interfaces},
 issue_date = {June, 2009},
 volume = {31},
 number = {4},
 month = jun,
 year = {2009},
 issn = {0920-5489},
 pages = {629--641},
 numpages = {13},
 url = {http://dx.doi.org/10.1016/j.csi.2008.06.011},
 doi = {10.1016/j.csi.2008.06.011},
 acmid = {1531179},
 publisher = {Elsevier Science Publishers B. V.},
 address = {Amsterdam, The Netherlands, The Netherlands},
 keywords = {End-to-end security, PK-SIM card, Primary key, Public Key Infrastructure (PKI), Session key},
} 

//SMS Security
//Uses RSA asymmetric encryption
@inproceedings{SmsSecurity,
 author = {Agoyi, Mary and Seral, Devrim},
 title = {SMS Security: An Asymmetric Encryption Approach},
 booktitle = {Proceedings of the 2010 6th International Conference on Wireless and Mobile Communications},
 series = {ICWMC '10},
 year = {2010},
 isbn = {978-0-7695-4182-2},
 pages = {448--452},
 numpages = {5},
 url = {http://dx.doi.org/10.1109/ICWMC.2010.87},
 doi = {10.1109/ICWMC.2010.87},
 acmid = {1913397},
 publisher = {IEEE Computer Society},
 address = {Washington, DC, USA},
 keywords = {Public key cryptosystem, RSA, ELGamal, Elliptic curve},
} 

//Bleep by bit torrent
@online{bleep,
  author = {BitTorrent INC},
  title = {Bleep},
  year = 2015,
  url = {http://bleep.pm/},
  urldate = {2015-06-30}
}
